@article{chatzikokolakis2013broadening,
  title={{Broadening the Scope of Differential Privacy Using Metrics}},
  author={Chatzikokolakis, Konstantinos and Andr{\'e}s, Miguel E and Bordenabe, Nicol{\'a}s Emilio and Palamidessi, Catuscia},
  journal={PETS},
  year={2013},
}

@article{bai2018tcn,
    title={{An Empirical Evaluation of Generic Convolutional and Recurrent
    Networks for Sequence Modeling}},
    author={Bai, Shaojie and Kolter, J Zico and Koltun, Vladlen},
    journal={arXiv:1803.01271},
    year={2018}
}

@article{mironov2017renyi,
  title={{R{\'e}nyi Differential Privacy}},
  author={Mironov, Ilya},
  journal={IEEE CSF},
  year={2017},
}

@misc{mediawiki1271,
  title = {{MediaWiki}},
  howpublished = {\url{https://www.mediawiki.org/wiki/MediaWiki_1.27}},
  note = {Accessed 31 Aug 2020},
}

@misc{medicinenet,
  title = {{MedicineNet}},
  howpublished = {\url{https://www.medicinenet.com/script/main/hp.asp}},
  note = {Accessed on Sep 16, 2020},
}

@misc{dpdk,
    title={Data Plane Development Kit ({DPDK})},
    author={Linux Foundation},
    year={2015},
    url = {http://www.dpdk.org}
}

@misc{torpt,
    title={{Pluggable Transports}},
    author={},
    year={},
    howpublished={\url{https://obfuscation.github.io/}},
    note={Accessed on Jun 6, 2023},
}

@misc{wolfssl,
    title={{wolfSSL}},
    author={},
    year={},
    howpublished={\url{https://www.wolfssl.com/constant-time-testing/}},
    note={Accessed on Sep 20, 2023},
}

@misc{hacl,
    title = {{A Highw Assurance Cryptographic Library}},
    author={},
    year={},
    howpublished={\url{https://hacl-star.github.io/}},
    note={Accessed on Sep 20, 2023},
}

@misc{libsecp256k1,
    title = {{libsecp256k1}},
    author={},
    year={},
    howpublished={\url{https://github.com/bitcoin-core/secp256k1}},
    note={Accessed on Sep 20, 2023},
}

@misc{videostats,
    title = {{Length of online videos watched on social media platforms
    worldwide in August 2021, by age group}},
    author = {Statista},
    year = {2023},
    howpublished={\url{https://tinyurl.com/9u4ystpe}},
    note = {Accessed on Sep 20, 2023},
}

@misc{kingma2014adam,
  title = {{Adam: A Method for Stochastic Optimization}},
  author = {Kingma, Diederik P and Ba, Jimmy},
  howpublished = {\url{http://arxiv.org/abs/1412.6980}},
  year = {2014},
}

@article{chiang15swiper,
  title     = {{Swiper: Exploiting Virtual Machine Vulnerability in Third-Party
  Clouds with Competition for {I/O} Resources}},
  author    = {Ron Chi{-}Lung Chiang and Sundaresan Rajasekaran and Nan Zhang
  and H. Howie Huang},
  journal   = {{IEEE} Trans. on Parallel and Distributed Systems (TPDS)},
  volume    = {26},
  number    = {6},
  year      = {2015}
  }

@article{hintz2002,
 author = {Andrew Hintz},
 title = {{Fingerprinting Websites Using Traffic Analysis}},
 year = {2002},
 journal = {PETS}
}

@article{panchenko2011,
  author    = {Andriy Panchenko and Lukas Niessen and Andreas Zinnen and Thomas Engel},
  title     = {{Website fingerprinting in onion routing based anonymization
    networks}},
  journal = {WPES},
  year      = {2011}
}

@article{getoffmycloud,
  author = {Ristenpart, Thomas and Tromer, Eran and Shacham, Hovav and Savage, Stefan},
  title = {{Hey, You, Get off of My Cloud: Exploring Information Leakage in Third-party Compute Clouds}},
  journal = {ACM CCS},
  year = {2009},
}

@misc{page05partitionedcache,
	author = {Dan Page},
	title = {{Partitioned Cache Architecture as a Side-Channel Defence
	Mechanism}},
	journal = {{IACR} Cryptology ePrint Archive},
	volume = {2005},
	issue = {280},
	year = {2005},
}

@article{liu2016catalyst,
    title={{CATalyst: Defeating Last-Level Cache Side Channel Attacks in Cloud
    Computing}},
    author={Liu, Fangfei and Ge, Qian and Yarom, Yuval and Mckeen, Frank and
    Rozas, Carlos and Heiser, Gernot and Lee, Ruby B},
    journal={IEEE HPCA},
    year={2016},
}

@article{shi2011limiting,
	title={{Limiting Cache-based Side-Channel in Multi-Tenant Cloud using
	Dynamic Page Coloring}},
	author={Shi, Jicheng and Song, Xiang and Chen, Haibo and Zang, Binyu},
	journal={IEEE/IFIP Intl. Conf. on Dependable Systems and Networks Workshops
	(DSN-W)},
	year={2011},
}

@article{kim2012stealthmem,
	title={{STEALTHMEM: System-Level Protection Against Cache-Based Side Channel Attacks in the Cloud}},
	author={Kim, Taesoo and Peinado, Marcus and Mainar-Ruiz, Gloria},
	journal={{USENIX Security}},
	year={2012}
}

@article{braun2015robust,
	title={{Robust and Efficient Elimination of Cache and Timing Side Channels}},
	author={Braun, Benjamin A and Jana, Suman and Boneh, Dan},
	journal={arXiv:1506.00189},
	year={2015}
}

@article{varadarajan2014scheduler,
    title={{Scheduler-based Defenses against~Cross-VM Side-channels}},
    author={Varadarajan, Venkatanathan and Ristenpart, Thomas and Swift, Michael M},
    journal={USENIX Security,~\textnormal{2014}},
}

@article{liu2015llcpractical,
	title = {{Last-Level Cache Side-Channel Attacks are Practical}},
	author = {Liu, Fangfei and Yarom, Yuval and Ge, Qian and Heiser, Gernot and Lee, Ruby B},
	journal = {IEEE S\&P},
	year = {2015},
}

@article{irazoqui2015ssa,
	title = {{S\$A: A Shared Cache Attack That Works across Cores and Defies VM Sandboxing--and Its Application to AES}},
	author = {Irazoqui, Gorka and Eisenbarth, Thomas and Sunar, Berk},
	journal = {IEEE S\&P},
	year = {2015},
}

@article{schuster2017beautyburst,
	title = {{Beauty and the Burst: Remote Identification of Encrypted Video Streams}},
	author = {Roei Schuster and Vitaly Shmatikov and Eran Tromer},
	journal = {USENIX Security},
	year = {2017}
}

@misc{danezis2009https,
	title={{Traffic Analysis of the HTTP Protocol over TLS}},
	author={Danezis, George},
    howpublished=
    {\url{http://www0.cs.ucl.ac.uk/staff/G.Danezis/papers/TLSanon.pdf}},
	year={2009}
}

@article{yarom2014flushreload,
	title = {{FLUSH+RELOAD: A High Resolution, Low Noise, L3 Cache Side-Channel Attack}},
	author = {Yarom, Yuval and Falkner, Katrina},
	journal = {USENIX Security},
	year = {2014},
}

@article{luo2011httpos,
	title = {{HTTPOS: Sealing Information Leaks with Browser-side Obfuscation of Encrypted Flows}},
	author = {Luo, Xiapu and Zhou, Peng and Chan, Edmond WW and Lee, Wenke and Chang, Rocky KC and Perdisci, Roberto},
	journal = {NDSS},
	year = {2011}
}

@article{zhang2011predinteractive,
	title = {{Predictive Mitigation of Timing Channels in Interactive Systems}},
	author = {Zhang, Danfeng and Askarov, Aslan and Myers, Andrew C},
	journal = {ACM CCS},
	year = {2011},
}

@article{cai2012touching,
	title = {{Touching from a distance: Website fingerprinting attacks and
    defenses}},
	author = {Cai, Xiang and Zhang, Xin Cheng and Joshi, Brijesh and Johnson, Rob},
	journal = {ACM CCS},
	year = {2012},
}

@article{cai2014csbuflo,
    title={{CS-BuFLO: A Congestion Sensitive Website Fingerprinting
    Defense}},
    author={Cai, Xiang and Nithyanand, Rishab and Johnson, Rob},
    journal={WPES},
    year={2014},
}

@article{cai2014tamaraw,
    title={{A Systematic Approach to Developing and Evaluating Website
    Fingerprinting Defenses}},
    author={Cai, Xiang and Nithyanand, Rishab and Wang, Tao and Johnson, Rob
    and Goldberg, Ian},
    journal={ACM CCS},
    year={2014},
}

@article{lu2018dynaflow,
    title={{DynaFlow: An Efficient Website Fingerprinting Defense Based on
    Dynamically-Adjusting Flows}},
    author={Lu, David and Bhat, Sanjit and Kwon, Albert and Devadas, Srinivas},
    journal={WPES},
    year={2018},
}

@article{sirinam2018df,
    title={{Deep Fingerprinting: Undermining Website Fingerprinting Defenses with
    Deep Learning}},
    author={Sirinam, Payap and Imani, Mohsen and Juarez, Marc and Wright,
    Matthew},
    journal={ACM CCS},
    year={2018}
}

@article{bhat2019varcnn,
    title={{Var-CNN: A Data-Efficient Website Fingerprinting Attack Based on Deep
    Learning}},
    author={Bhat, Sanjit and Lu, David and Kwon, Albert and Devadas, Srinivas},
    journal={PETS},
    year={2019}
}


@article{dyer2012peekaboo,
	title = {{Peek-a-Boo, I Still See You: Why Efficient Traffic Analysis
	Countermeasures Fail}},
	author = {Dyer, Kevin P and Coull, Scott E and Ristenpart, Thomas and Shrimpton, Thomas},
	journal = {{IEEE S\&P}},
	year = {2012},
}

@misc{intel82580,
	title = {{Intel\textregistered~82580EB/82580DB Gigabit Ethernet Controller}},
	howpublished = {\url{https://www.intel.com/content/dam/www/public/us/en/documents/datasheets/82580-eb-db-gbe-controller-datasheet.pdf}}
}

@article{almeida2016verifying,
    title={{Verifying Constant-Time Implementations}},
    author={Almeida, Jos{\'e} Bacelar and Barbosa, Manuel and Barthe, Gilles and
    Dupressoir, Fran{\c{c}}ois and Emmi, Michael},
    journal={USENIX Security},
    year={2016}
}

@article{chen2010reality,
	author = {Chen, Shuo and Wang, Rui and Wang, XiaoFeng and Zhang, Kehuan},
	title={{Side-Channel Leaks in Web Applications: A Reality Today, a Challenge
    Tomorrow}},
	journal = {IEEE S\&P},
	year = {2010},
}

@article{wright2006inferring,
  title={{On Inferring Application Protocol Behaviors in Encrypted Network
    Traffic}},
  author = {Wright, Charles V and Monrose, Fabian and Masson, Gerald M},
  journal = {Journal of Machine Learning Research (JMLR)},
  volume = {7},
  month = {Dec},
  year = {2006},
}

@article{wright2009morphing,
  author    = {Charles V. Wright and Scott E. Coull and Fabian Monrose},
  title     = {{Traffic Morphing: An Efficient Defense Against Statistical
  Traffic Analysis}},
  journal = {NDSS},
  year      = {2009}
  }

@article{saponas2007devices,
    title={{Devices That Tell on You: Privacy Trends in Consumer Ubiquitous
      Computing}},
    author={Saponas, T Scott and Lester, Jonathan and Hartung, Carl and Agarwal, Sameer and Kohno, Tadayoshi and others},
    journal={USENIX Security},
    year={2007}
}

@article{nithyanand2014glove,
    title={{Glove: A Bespoke Website Fingerprinting Defense}},
    author={Nithyanand, Rishab and Cai, Xiang and Johnson, Rob},
    journal={WPES},
    year={2014},
}

@article{wang2014supersequence,
    title={{Effective Attacks and Provable Defenses for Website Fingerprinting}},
    author={Wang, Tao and Cai, Xiang and Nithyanand, Rishab and Johnson, Rob
    and Goldberg, Ian},
    journal={USENIX Security},
    year={2014}
}

@article{juarez2016wtfpad,
  title={{Toward an Efficient Website Fingerprinting Defense}},
  author={Juarez, Marc and Imani, Mohsen and Perry, Mike and Diaz, Claudia and Wright, Matthew},
  journal={ESORICS},
  year={2016},
}

@article{wang2017walkietalkie,
    title={{Walkie-Talkie: An Efficient Defense Against Passive Website
      Fingerprinting Attacks}},
    author={Wang, Tao and Goldberg, Ian},
    journal={USENIX Security},
    year={2017},
}

@article{cherubin2017llama,
    title={{Website Fingerprinting Defenses at the Application Layer}},
    author={Cherubin, Giovanni and Hayes, Jamie and Juarez, Marc},
    journal={PETS},
    year={2017}
}

@article{zhang2019statistical,
    title={{Statistical Privacy for Streaming Traffic}},
    author={Zhang, Xiaokuan and Hamm, Jihun and Reiter, Michael K and Zhang,
    Yinqian},
    journal={NDSS},
    year={2019}
}

@article{gong2020zero,
    title={{Zero-delay Lightweight Defenses against Website Fingerprinting}},
    author={Gong, Jiajun and Wang, Tao},
    journal={USENIX Security},
    year={2020}
}

@article{rahman2020mockingbird,
    title={{Mockingbird: Defending Against Deep-Learning-Based Website
    Fingerprinting Attacks with Adversarial Traces}},
    author={Rahman, Mohammad Saidur and Imani, Mohsen and Mathews, Nate and
    Wright, Matthew},
    journal={IEEE Trans. on Information Forensics and Security},
    volume={16},
    year={2020},
}

@article{cadena2020trafficsliver,
    author = {De la Cadena, Wladimir and Mitseva, Asya and Hiller, Jens and
    Pennekamp, Jan and Reuter, Sebastian and Filter, Julian and Engel, Thomas
    and Wehrle, Klaus and Panchenko, Andriy},
    title = {{TrafficSliver: Fighting Website Fingerprinting Attacks with
    Traffic Splitting}},
    journal={ACM CCS},
    year = {2020},
}

@article{shan2021dolos,
    title={{Patch-based Defenses against Web Fingerprinting Attacks}},
    author={Shan, Shawn and Bhagoji, Arjun Nitin and Zheng, Haitao and Zhao, Ben
    Y},
    journal={AISec},
    year={2021}
}

@article{smith2022qcsd,
    title={{QCSD: A QUIC Client-Side Website-Fingerprinting Defence Framework}},
    author={Smith, Jean-Pierre and Dolfi, Luca and Mittal, Prateek and Perrig,
    Adrian},
    journal={USENIX Security},
    year={2022}
}

@article{wang2022leveraging,
    title={{Leveraging Strategic Connection Migration-powered Traffic Splitting
    for Privacy}},
    author={Wang, Mona and Kulshrestha, Anunay and Wang, Liang and Mittal,
    Prateek},
    journal={Privacy Enhancing Technologies (PETS)},
    year={2022}
}

@article{beckerle2022splitting,
    author = {Beckerle, Matthias and Magnusson, Jonathan and Pulls, Tobias},
    title = {{Splitting Hairs and Network Traces: Improved Attacks Against
    Traffic Splitting as a Website Fingerprinting Defense}},
    year = {2022},
    journal = {WPES},
}

@article{khattak2014sok-pts,
    title={{Systemization of Pluggable Transports for Censorship Resistance}},
    author={Khattak, Sheharbano and Simon, Laurent and Murdoch, Steven J},
    journal={arXiv:1412.7448},
    year={2014}
}

@article{vattikonda2012tdma,
  title = {{Practical TDMA for Datacenter Ethernet}},
  author = {Vattikonda, Bhanu Chandra and Porter, George and Vahdat, Amin and Snoeren, Alex C},
  journal = {ACM EuroSys},
  year = {2012},
}

@article{beams2021ifs,
  title={{Packet Scheduling with Optional Client Privacy}},
  author={Beams, Andrew and Kannan, Sampath and Angel, Sebastian},
  journal={ACM CCS},
  year={2021}
}

@misc{wrk2,
    title={{wrk2: A constant throughput, correct latency recording variant of wrk}},
    howpublished={\url{https://github.com/giltene/wrk2}},
}

@article{tan2017sfi,
    title={{Principles and Implementation Techniques of Software-Based Fault
    Isolation}},
    author={Tan, Gang},
    journal={Foundations and Trends{\textregistered} in Privacy and Security},
    volume={1},
    number={3},
    year={2017},
}

@misc{tcp-meltdown,
    title={{What is TCP Meltdown?}},
    howpublished={\url{https://openvpn.net/faq/what-is-tcp-meltdown/}},
    note={Accessed on Apr 30, 2023}
}

@article{honda2005tcpovertcp,
    title={{Understanding TCP over TCP: effects of TCP tunneling on end-to-end
    throughput and latency}},
    author={Honda, Osamu and Ohsaki, Hiroyuki and Imase, Makoto and Ishizuka,
    Mika and Murayama, Junichi},
    journal={Performance, Quality of Service, and Control of Next-Generation
    Communication and Sensor Networks III},
    year={2005},
}

@misc{mpeg-dash,
    title={{RFC 7933: Adaptive Video Streaming over Information-Centric
    Networking (ICN)}},
    author={Westphal, Cedric and Lederer, Stefan and Mueller, Christopher and
    Detti, Andrea and Corujo, Daniel and Wang, Jianping and Montpetit,
    Marie-Jose and Murray, Niall and Timmerer, Christian and Posch, Daniel and
    Azgin, Aytac and Liu, Will},
    howpublished={\url{https://datatracker.ietf.org/doc/html/rfc3168}},
    note={Accessed on Apr 30, 2023}
}

@article{rastogi2010differentially,
  title={Differentially private aggregation of distributed time-series with transformation and encryption},
  author={Rastogi, Vibhor and Nath, Suman},
  journal={ACM Intl. Conf. on Management of Data},
  year={2010}
}

@misc{rfc9000,
    series =    {Request for Comments},
    number =    9000,
    howpublished =  {RFC 9000},
    doi =       {10.17487/RFC9000},
    url =       {https://www.rfc-editor.org/info/rfc9000},
        author =    {Jana Iyengar and Martin Thomson},
    title =     {{QUIC: A UDP-Based Multiplexed and Secure Transport}},
    pagetotal = 151,
    year =      2021,
    month =     may,
}

@article{langley2017quic,
    title={{The QUIC Transport Protocol: Design and Internet-Scale Deployment}},
    author={Langley, Adam and Riddoch, Alistair and Wilk, Alyssa and Vicente, Antonio and Krasic, Charles and Zhang, Dan and Yang, Fan and Kouranov, Fedor and Swett, Ian and Iyengar, Janardhan and others},
    journal={ACM SIGCOMM},
    year={2017},
}

@article{siby2022yougetpadding,
    title={{You get PADDING, everybody gets PADDING! You get privacy? Evaluating
    practical QUIC website fingerprinting protections for the masses}},
    author={Siby, Sandra and Barman, Ludovic and Wood, Christopher and Fayed,
    Marwan and Sullivan, Nick and Troncoso, Carmela},
    journal   = {CoRR},
    volume    = {abs/2203.07806},
    year      = {2022},
    url       = {http://arxiv.org/abs/2203.07806},
    archivePrefix = {arXiv},
    eprint    = {2203.07806},
}

@article{hayes2016kfp,
    title={{k-fingerprinting: A Robust Scalable Website Fingerprinting
    Technique}},
    author={Hayes, Jamie and Danezis, George},
    journal={USENIX Security},
    year={2016}
}

@article{li2018measuring,
    title={{Measuring information leakage in website fingerprinting attacks and
    defenses}},
    author={Li, Shuai and Guo, Huajun and Hopper, Nicholas},
    journal={ACM CCS},
    year={2018},
}

@article{mohajeri2012skypemorph,
    title={{Skypemorph: Protocol Obfuscation for Tor Bridges}},
    author={Mohajeri Moghaddam, Hooman and Li, Baiyu and Derakhshani,
    Mohammad and Goldberg, Ian},
    journal={ACM CCS},
    year={2012},
}

@article{dyer2013protocol,
    title={{Protocol misidentification made easy with format-transforming
      encryption}},
    author={Dyer, Kevin P and Coull, Scott E and Ristenpart, Thomas and
    Shrimpton, Thomas},
    journal={ACM CCS},
    year={2013},
}

@article{winter2013scramblesuit,
    author = {Winter, Philipp and Pulls, Tobias and Fuss, Juergen},
    title={{ScrambleSuit: A Polymorphic Network Protocol to Circumvent
      Censorship}},
    journal = {WPES},
    year = {2013},
}

@article{le2015herd,
    title={{Herd: A scalable, traffic analysis resistant anonymity network for
    {VoIP} systems}},
    author={Le Blond, Stevens and Choffnes, David and Caldwell, William and
    Druschel, Peter and Merritt, Nicholas},
    journal={ACM Conf. on Special Interest Group on Data Communication
    (SIGCOMM)},
    year={2015},
}

@article{Tor,
  title={{Tor: The Second-Generation Onion Router}},
  author={Syverson, Paul and Dingledine, Roger and Mathewson, Nick},
  journal={Usenix Security},
  year={2004}
}

@article{van2015vuvuzela,
    title={{Vuvuzela: Scalable private messaging resistant to traffic analysis}},
    author={Van Den Hooff, Jelle and Lazar, David and Zaharia, Matei and
    Zeldovich, Nickolai},
    journal={ACM SOSP},
    year={2015},
}

@article{lazar2018karaoke,
    title={{Karaoke: Distributed Private Messaging Immune to Passive Traffic
    Analysis}},
    author={Lazar, David and Gilad, Yossi and Zeldovich, Nickolai},
    journal={USENIX OSDI},
    year={2018}
}

@article{lazar2019yodel,
    title={{Yodel: strong metadata security for voice calls}},
    author={Lazar, David and Gilad, Yossi and Zeldovich, Nickolai},
    journal={ACM SOSP},
    year={2019},
}

@article{mehta2022pacer,
  title={{Pacer: Comprehensive Network Side-Channel Mitigation in the
  Cloud}},
  author={Mehta, Aastha and Alzayat, Mohamed and De Viti, Roberta and
  Brandenburg, Bj{\"o}rn B and Druschel, Peter and Garg, Deepak},
  journal={USENIX Security},
  year={2022}
}

@article{lecuyer2019certified,
  title={{Certified Robustness to Adversarial Examples with Differential
  Privacy}},
  author={Lecuyer, Mathias and Atlidakis, Vaggelis and Geambasu, Roxana and Hsu, Daniel and Jana, Suman},
  journal={IEEE S\&P},
  year={2019},
}

@article{dwork2010dpcontinual,
  title = {{Differential Privacy under Continual Observation}},
  author = {Dwork, Cynthia and Naor, Moni and Pitassi, Toniann and Rothblum, Guy
  N.},
  journal = {ACM STOC},
  year = {2010},
}

@article{dwork2010pan,
  title={{Pan-Private Streaming Algorithms}},
  author={Dwork, Cynthia and Naor, Moni and Pitassi, Toniann and Rothblum, Guy N
  and Yekhanin, Sergey},
  journal={ACM ICS},
  year={2010}
}

@article{dwork2014algorithmic,
  title={{The Algorithmic Foundations of Differential Privacy}},
  author={Dwork, Cynthia and Roth, Aaron and others},
  journal={Foundations and Trends{\textregistered} in Theoretical Computer
  Science},
  volume={9},
  number={3--4},
  year={2014},
  publisher={Now Publishers, Inc.}
}

@article{wasserman2010statistical,
  title={{A Statistical Framework for Differential Privacy}},
  author={Wasserman, Larry and Zhou, Shuheng},
  journal={Journal of the American Statistical Association},
  volume={105},
  number={489},
  year={2010},
}

@article{dong2022gaussian,
  title={{Gaussian Differential Privacy}},
  author={Dong, Jinshuo and Roth, Aaron and Su, Weijie J},
  journal={Journal of the Royal Statistical Society Series B: Statistical Methodology},
  year={2022},
}

@article{kasiviswanathan2014semantics,
  title={{On the 'Semantics' of Differential Privacy: A Bayesian Formulation}},
  author={Kasiviswanathan, Shiva P and Smith, Adam},
  journal={Journal of Privacy and Confidentiality},
  year={2014}
}

@article{white2011phonotactic,
  title={{Phonotactic Reconstruction of Encrypted VoIP Conversations: Hookt on
  Fon-iks}},
  author={White, Andrew M and Matthews, Austin R and Snow, Kevin Z and Monrose,
  Fabian},
  journal={IEEE S\&P},
  year={2011},
}

@article{panchenko2016website,
  title={{Website Fingerprinting at Internet Scale}},
  author={Panchenko, Andriy and Lanze, Fabian and Pennekamp, Jan and Engel,
  Thomas and Zinnen, Andreas and Henze, Martin and Wehrle, Klaus},
  journal={NDSS},
  year={2016}
}


@article{shapira2019flowpic,
  title={{Flowpic: Encrypted Internet Traffic Classification is as Easy as Image
  Recognition}},
  author={Shapira, Tal and Shavitt, Yuval},
  journal={IEEE INFOCOMM Workshops},
  year={2019},
}

@article{duan2019lightbox,
  title = {{LightBox: Full-Stack Protected Stateful Middlebox at Lightning
  Speed}},
  author = {Duan, Huayi and Wang, Cong and Yuan, Xingliang and Zhou, Yajin and
  Wang, Qian and Ren, Kui},
  journal = {ACM CCS},
  year = {2019},
}

@article{meier2022ditto,
  title={{ditto: WAN Traffic Obfuscation at Line Rate}},
  author={Meier, Roland and Lenders, Vincent and Vanbever, Laurent},
  journal={NDSS},
  year={2022}
}


@article{rosen2021balboa,
  title={{Balboa: Bobbing and Weaving around Network Censorship}},
  author={Rosen, Marc B and Parker, James and Malozemoff, Alex J},
  journal={USENIX Security},
  year={2021}
}


@article{barradas2017deltashaper,
  title={{DeltaShaper: Enabling Unobservable Censorship-resistant TCP Tunneling
  over Videoconferencing Streams}},
  author={Barradas, Diogo and Santos, Nuno and Rodrigues, Lu{\'\i}s ET},
  journal={PETS},
  year={2017}
}

@article{barradas2020poking,
  title={{Poking a Hole in the Wall: Efficient Censorship-Resistant Internet
  Communications by Parasitizing on WebRTC}},
  author={Barradas, Diogo and Santos, Nuno and Rodrigues, Lu{\'\i}s and Nunes, V{\'\i}tor},
  journal={ACM CCS},
  year={2020}
}

@article{backes2013anoa,
  title={{AnoA: A Framework for Analyzing Anonymous Communication Protocols}},
  author={Backes, Michael and Kate, Aniket and Manoharan, Praveen and Meiser, Sebastian and Mohammadi, Esfandiar},
  journal={IEEE CSF},
  year={2013},
}

@article{kellaris2014differentially,
  title={{Differentially Private Event Sequences over Infinite Streams}},
  author={Kellaris, Georgios and Papadopoulos, Stavros and Xiao, Xiaokui and Papadias, Dimitris},
  journal={VLDB Endowment},
  volume={7},
  number={12},
  year={2014},
}

@article{li2018measuring,
  title = {{Measuring Information Leakage in Website Fingerprinting Attacks and
  Defenses}},
  author = {Li, Shuai and Guo, Huajun and Hopper, Nicholas},
  journal = {ACM CCS},
  year = {2018},
}

@article{abusnaina2020dfd,
  title={{DFD: Adversarial Learning-based Approach to Defend Against Website
  Fingerprinting}},
  author={Abusnaina, Ahmed and Jang, Rhongho and Khormali, Aminollah and Nyang,
  DaeHun and Mohaisen, David},
  journal={IEEE INFOCOMM},
  year={2020},
}


@article{hou2020wf,
  title={{WF-GAN: Fighting Back Against Website Fingerprinting Attack Using
  Adversarial Learning}},
  author={Hou, Chengshang and Gou, Gaopeng and Shi, Junzheng and Fu, Peipei and Xiong, Gang},
  journal={IEEE ISCC},
  year={2020},
}


@article{hoang2021domain,
  title={{Domain Name Encryption is Not Enough: Privacy Leakage via IP-based
  Website Fingerprinting}},
  author={Hoang, Nguyen Phong and Niaki, Arian Akhavan and Gill, Phillipa and
  Polychronakis, Michalis},
  journal={PETS},
  year={2021}
}

@article{shan2021real,
  title={{A Real-Time Defense Against Website Fingerprinting Attacks}},
  author={Shan, Shawn and Bhagoji, Arjun Nitin and Zheng, Haitao and Zhao, Ben Y},
  journal={arXiv preprint arXiv:2102.04291},
  year={2021}
}

@article{wang2021intradomain,
  title = {{It’s Not Just the Site, It’s the Contents: Intra-Domain
  Fingerprinting Social Media Websites Through CDN Bursts}},
  author = {Wang, Kailong and Zhang, Junzhe and Bai, Guangdong and Ko, Ryan and
  Dong, Jin Song},
  journal = {The Web Conference (WWW)},
  year = {2021},
}

@article{gong2022surakav,
  title={{Surakav: Generating Realistic Traces for a Strong Website
  Fingerprinting Defense}},
  author={Gong, Jiajun and Zhang, Wuqi and Zhang, Charles and Wang, Tao},
  journal={IEEE S\&P},
  year={2022},
}

@article{nasr2021defeating,
  title={{Defeating DNN-Based Traffic Analysis Systems in Real-Time With Blind
  Adversarial Perturbations}},
  author={Nasr, Milad and Bahramali, Alireza and Houmansadr, Amir},
  journal={USENIX Security},
  year={2021}
}

@article{mathews2023sok,
  title={{SoK: A Critical Evaluation of Efficient Website Fingerprinting
  Defenses}},
  author={Mathews, Nate and Holland, James K and Oh, Se Eun and Rahman, Mohammad
  Saidur and Hopper, Nicholas and Wright, Matthew},
  journal={IEEE S\&P},
  year={2023},
}

